<record><leader>00000cas a22000007a 4500</leader><controlfield tag="001">9716823</controlfield><controlfield tag="008">830719d18711874nyuwr ne      0    0eng d</controlfield><controlfield tag="009">3781</controlfield><datafield ind1=" " ind2=" " tag="010"><subfield code="a">sn 83030944 </subfield></datafield><datafield ind1=" " ind2=" " tag="040"><subfield code="a">NPU</subfield><subfield code="b">eng</subfield><subfield code="c">NPU</subfield><subfield code="d">NPX</subfield><subfield code="d">NYS</subfield><subfield code="d">OCLCQ</subfield><subfield code="d">NYS</subfield></datafield><datafield ind1=" " ind2=" " tag="019"><subfield code="a">70247168</subfield></datafield><datafield ind1="1" ind2=" " tag="029"><subfield code="a">AU@</subfield><subfield code="b">000025829189</subfield></datafield><datafield ind1=" " ind2=" " tag="042"><subfield code="a">msc</subfield></datafield><datafield ind1="0" ind2="0" tag="245"><subfield code="a">Stamford and Bloomville mirror.</subfield></datafield><datafield ind1=" " ind2=" " tag="260"><subfield code="a">Stamford, N.Y. :</subfield><subfield code="b">Simon B. Champion,</subfield><subfield code="c">1871-1874.</subfield></datafield><datafield ind1=" " ind2=" " tag="300"><subfield code="a">3 v. ;</subfield><subfield code="c">46 cm.</subfield></datafield><datafield ind1=" " ind2=" " tag="310"><subfield code="a">Weekly</subfield></datafield><datafield ind1="0" ind2=" " tag="362"><subfield code="a">Vol. 21, no. 1 (May 23, 1871)-v. 23, no. 52 (May 12, 1874).</subfield></datafield><datafield ind1=" " ind2="4" tag="651"><subfield code="a">Stamford (N.Y.)</subfield><subfield code="v">Newspapers.</subfield></datafield><datafield ind1=" " ind2=" " tag="752"><subfield code="a">United States</subfield><subfield code="b">New York</subfield><subfield code="c">Delaware</subfield><subfield code="d">Stamford.</subfield></datafield><datafield ind1="0" ind2="0" tag="780"><subfield code="t">Bloomville mirror</subfield><subfield code="w">(DLC)sn 83030931</subfield><subfield code="w">(OCoLC)9724304</subfield></datafield><datafield ind1="0" ind2="0" tag="785"><subfield code="t">Stamford mirror</subfield><subfield code="w">(DLC)sn 83030913</subfield><subfield code="w">(OCoLC)9710358</subfield></datafield></record>